@book{qiu2020nndl,
title = {神经网络与深度学习},
publisher = {机械工业出版社},
year = {2020},
author = {邱锡鹏},
address = {北京},
isbn = {9787111649687},
url = {https://nndl.github.io/},
language = {chinese},
}